@inproceedings{recommendation,
  title={Recommendations for video event recognition using concept vocabularies},
  author={Habibian, Amirhossein and van de Sande, Koen EA and Snoek, Cees GM},
  booktitle={Proceedings of the 3rd ACM conference on International conference on multimedia retrieval},
  pages={89--96},
  year={2013},
  organization={ACM}
}

@incollection{hmdb,
  title={HMDB51: A large video database for human motion recognition},
  author={Kuehne, Hilde and Jhuang, Hueihan and Stiefelhagen, Rainer and Serre, Thomas},
  booktitle={High Performance Computing in Science and Engineering â€˜12},
  pages={571--582},
  year={2013},
  publisher={Springer}
}

@inproceedings{liobjectbank,
  title={Object bank: A high-level image representation for scene classification \& semantic feature sparsification},
  author={Li, Li-Jia and Su, Hao and Fei-Fei, Li and Xing, Eric P},
  booktitle={Advances in neural information processing systems},
  pages={1378--1386},
  year={2010}
}

@inproceedings{obdimreduce,
  title={Unsupervised and Transfer Learning under Uncertainty-From Object Detections to Scene Categorization.},
  author={Mesnil, Gr{\'e}goire and Rifai, Salah and Bordes, Antoine and Glorot, Xavier and Bengio, Yoshua and Vincent, Pascal},
  booktitle={ICPRAM},
  pages={345--354},
  year={2013}
}

@article{ucf50,
  title={Recognizing 50 human action categories of web videos},
  author={Reddy, Kishore K and Shah, Mubarak},
  journal={Machine Vision and Applications},
  volume={24},
  number={5},
  pages={971--981},
  year={2013},
  publisher={Springer}
}

@inproceedings{corsoab,
  title={Action bank: A high-level representation of activity in video},
  author={Sadanand, Sreemanananth and Corso, Jason J},
  booktitle={Computer Vision and Pattern Recognition (CVPR), 2012 IEEE Conference on},
  pages={1234--1241},
  year={2012},
  organization={IEEE}
}

@inproceedings{wang,
  title={Action recognition with improved trajectories},
  author={Wang, Heng and Schmid, Cordelia},
  booktitle={Computer Vision (ICCV), 2013 IEEE International Conference on},
  pages={3551--3558},
  year={2013},
  organization={IEEE}
}

@inproceedings{latefusion,
  title={Late fusion and calibration for multimedia event detection using few examples},
  author={van Hout, Julien and Yeh, Eric and Koelma, Dennis C and Snoek, Cees GM and Sun, Chen and Nevatia, Ramakant and Wong, Julie and Myers, Gregory K},
  booktitle={Acoustics, Speech and Signal Processing (ICASSP), 2014 IEEE International Conference on},
  pages={4598--4602},
  year={2014},
  organization={IEEE}
}